@article{fontana1996barrier,
  title={The barrier of objects: From dynamical systems to bounded
                  organizations},
  author={Fontana, Walter and Buss, Leo W},
  year={1996},
  publisher={WP-96-027}
}

@article{felleisen1991expressive,
  title={On the expressive power of programming languages},
  author={Felleisen, Matthias},
  journal={Science of computer programming},
  volume={17},
  number={1-3},
  pages={35--75},
  year={1991},
  publisher={Elsevier}
}

@book{milner1999communicating,
  title={Communicating and mobile systems: the pi calculus},
  author={Milner, Robin},
  year={1999},
  publisher={Cambridge university press}
}

@article{coppo28stochastic,
  title={Stochastic Calculus of Wrapped Compartments},
  author={Coppo, Mario and Damiani, Ferruccio and Drocco, Maurizio and Grassi,
                  Elena and Troina, Angelo},
  journal={EPTCS},
  volume={28},
  pages={82--98}
}

@inproceedings{coppo2010hybrid,
  title={Hybrid calculus of wrapped compartments},
  author={Coppo, Mario and Damiani, Ferruccio and Drocco, Maurizio and Grassi,
                  Elena and Sciacca, Eva and Spinella, Salvatore and Troina,
                  Angelo},
  booktitle={Proceedings Compendium of the Fourth Workshop on Membrane Computing
                  and Biologically Inspired Process Calculi (MeCBIC’10)},
  volume={40},
  pages={103--121},
  year={2010}
}


@article{mironova_plausible_2010,
	title = {A plausible mechanism for auxin patterning along the developing
                  root},
	volume = {4},
	number = {1},
	journal = {BMC systems biology},
	author = {Mironova, Victoria V and Omelyanchuk, Nadezda A and Yosiphon,
                  Guy and Fadeev, Stanislav I and Kolchanov, Nikolai A and
                  Mjolsness, Eric and Likhoshvai, Vitaly A},
	year = {2010},
	pages = {98}
}


@article{chew_multiscale_2014,
	title = {Multiscale digital {Arabidopsis} predicts individual organ and
                  whole-organism growth},
	volume = {111},
	number = {39},
	journal = {Proceedings of the National Academy of Sciences},
	author = {Chew, Yin Hoon and Wenden, Bénédicte and Flis, Anna and
                  Mengin, Virginie and Taylor, Jasper and Davey, Christopher L
                  and Tindal, Christopher and Thomas, Howard and Ougham, Helen J
                  and de Reffye, Philippe and {others}},
	year = {2014},
	pages = {E4127--E4136},
	file = {Chew et al. - 2014 - Multiscale digital Arabidopsis predicts
                  individual.pdf:/Users/s1437009/Zotero/storage/WJQP8UHC/Chew et
                  al. - 2014 - Multiscale digital Arabidopsis predicts
                  individual.pdf:application/pdf}
}


@article{rajcan_understanding_2001,
	title = {Understanding maize–weed competition: resource competition, light quality and the whole plant},
	volume = {71},
	number = {2},
	journal = {Field Crops Research},
	author = {Rajcan, Irena and Swanton, Clarence J},
	year = {2001},
	pages = {139--150}
}


@article{artale_part-whole_1996,
	title = {Part-whole relations in object-centered systems: {An} overview},
	volume = {20},
	number = {3},
	journal = {Data \& Knowledge Engineering},
	author = {Artale, Alessandro and Franconi, Enrico and Guarino, Nicola and Pazzi, Luca},
	year = {1996},
	keywords = {relations, collections-aggregates, objects},
	pages = {347--383},
	file = {Artale et al. - 1996 - Part-whole relations in object-centered systems A.pdf:/Users/s1437009/Zotero/storage/SPHG5PNL/Artale et al. - 1996 - Part-whole relations in object-centered systems A.pdf:application/pdf}
}


@article{coppo_stochastic_nodate,
	title = {Stochastic {Calculus} of {Wrapped} {Compartments}},
	volume = {28},
	journal = {EPTCS},
	author = {Coppo, Mario and Damiani, Ferruccio and Drocco, Maurizio and Grassi, Elena and Troina, Angelo},
	pages = {82--98}
}


@article{krivine_stochastic_2008,
	title = {Stochastic bigraphs},
	volume = {218},
	journal = {Electronic Notes in Theoretical Computer Science},
	author = {Krivine, Jean and Milner, Robin and Troina, Angelo},
	year = {2008},
	pages = {73--96},
	file = {Krivine et al. - 2008 - Stochastic
                  bigraphs.pdf:/Users/s1437009/Zotero/storage/CNPC4MWZ/Krivine
                  et al. - 2008 - Stochastic bigraphs.pdf:application/pdf}
}


@article{danos_formal_2004,
	title = {Formal molecular biology},
	volume = {325},
	number = {1},
	journal = {Theoretical Computer Science},
	author = {Danos, Vincent and Laneve, Cosimo},
	year = {2004},
	pages = {69--110},
	file = {Danos and Laneve - 2004 - Formal molecular
                  biology.pdf:/Users/s1437009/Zotero/storage/WE6PMS7Q/Danos and
                  Laneve - 2004 - Formal molecular biology.pdf:application/pdf}
}


@incollection{jensen_coloured_1987,
	title = {Coloured petri nets},
	booktitle = {Petri nets: central models and their properties},
	publisher = {Springer},
	author = {Jensen, Kurt},
	year = {1987},
	pages = {248--299}
}



